@article{Nanevski2008,
  author    = {Aleksandar Nanevski and
               Frank Pfenning and
               Brigitte Pientka},
  title     = {Contextual modal type theory},
  journal   = {{ACM} Trans. Comput. Log.},
  volume    = {9},
  number    = {3},
  year      = {2008},
  url       = {http://doi.acm.org/10.1145/1352582.1352591},
  doi       = {10.1145/1352582.1352591},
  timestamp = {Tue, 10 Jun 2008 13:15:19 +0200},
  biburl    = {http://dblp.uni-trier.de/rec/bib/journals/tocl/NanevskiPP08},
  bibsource = {dblp computer science bibliography, http://dblp.org}
}

@inproceedings{icse-naturalness12,
 author = {Hindle, Abram and Barr, Earl T. and Su, Zhendong and Gabel, Mark and Devanbu, Premkumar},
 title = {On the Naturalness of Software},
 booktitle = {ICSE},
 year = {2012}
} 

